@inproceedings{crypto,
author="Soos, Mate
and Nohl, Karsten
and Castelluccia, Claude",
editorx="Kullmann, Oliver",
title="Extending {SAT} Solvers to Cryptographic Problems",
booktitle="Proc.\ of the 12th Int.\ Conference on Theory and Applications of Satisfiability Testing \textsc{(}SAT 2009\textsc{)}",
year="2009",
xpublisher="Springer",
series = "LNCS",
volume = "5584",
addressx="Heidelberg",
pages="244--257",
}

                  
@inproceedings{biere-kissat-2020,
  author    = {Armin Biere and Katalin Fazekas and Mathias Fleury and Maximillian Heisinger},
  title     = {{CaDiCaL}, {Kissat}, {Paracooba}, {Plingeling} and {Treengeling} Entering the {SAT Competition 2020}},
  pages     = {51--53},
  editorx   = {Tomas Balyo and Nils Froleyks and Marijn Heule and Markus Iser and Matti J{\"a}rvisalo and Martin Suda},
  booktitle = {Proc.~of {SAT Competition} 2020 -- Solver and Benchmark Descriptions},
  volume    = {B-2020-1},
  series    = {Department of Computer Science Report Series B},
  publisher = {University of Helsinki},
  year      = 2020,
}
                  

@inproceedings{card,
  author    = {Carsten Sinz},
  title     = {Towards an Optimal {CNF} Encoding of {B}oolean Cardinality Constraints},
  booktitle = {Principles and Practice of Constraint Programming (CP)},
  pages     = {827--831},
  year      = {2005},
  series    = {LNCS},
  volume    = {3709},
}

@InProceedings{pietrzak:sofsem:2012,
author="Pietrzak, Krzysztof",
xeditor="Bielikov{\'a}, M{\'a}ria and Friedrich, Gerhard and Gottlob, Georg and Katzenbeisser, Stefan and Tur{\'a}n, Gy{\"o}rgy",
title="Cryptography from Learning Parity with Noise",
booktitle="SOFSEM 2012: Theory and Practice of Computer Science",
year="2012",
xpublisher="Springer Berlin Heidelberg",
pages="99--114",
xisbn="978-3-642-27660-6",
series={LNCS},
volume={7147}
}
                  

@InProceedings{katz:crypto:2007,
author="Katz, Jonathan",
xeditor="Galbraith, Steven D.",
title="Efficient Cryptographic Protocols Based on the Hardness of Learning Parity with Noise",
booktitle="Cryptography and Coding",
year="2007",
xpublisher="Springer Berlin Heidelberg",
pages="1--15",
series={LNCS},
volume={4887},
}
                  

@misc{crawford:mdp:1994,
author = "James M. Crawford and Michael J. Kearns and Robert E. Schapire",
title="The Minimal Disagreement Parity Problem as a Hard Satisfiability Problem",
year=1994,
url={http://www.cs.cornell.edu/selman/docs/crawford-parity.pdf}
}

